ISA*00*          *00*          *ZZ*SYNTHSEND     *ZZ*SYNTHRECV     *260711*1200*^*00501*000000001*0*P*:~
GS*HP*SYNTHSEND*SYNTHRECV*20260711*1200*1*X*005010X221A1~
ST*835*0001~
BPR*I*1500.00*C*CHK************20260710~
N1*PR*SYNTH PAYER DELTA~
N1*PE*SYNTH PRACTICE~
CLP*SYNTHCLM1*1*200*150**12*1~
CAS*CO*45*50~
SVC*AD:D1110*100*75~
CLP*SYNTHCLM2*1*100*75**12*2~
SVC*AD:D0120*100*75~
SE*15*0001~
GE*1*1~
IEA*1*000000001~
